@Manual{R21,
  title = {R: A Language and Environment for Statistical Computing},
  author = {{R Core Team}},
  organization = {R Foundation for Statistical Computing},
  address = {Vienna, Austria},
  year = {2021},
  url = {https://www.R-project.org/},
}

@book{patel1996handbook,
  title={Handbook of the normal distribution},
  author={Patel, Jagdish K and Read, Campbell B},
  volume={150},
  year={1996},
  publisher={CRC Press}
}

@incollection{ahsanullah2014normal,
  title={Normal distribution},
  author={Ahsanullah, Mohammad and Kibria, BM Golam and Shakil, Mohammad},
  booktitle={Normal and Student st Distributions and Their Applications},
  pages={7--50},
  year={2014},
  publisher={Springer}
}

 @Book{ggplot2,
    author = {Hadley Wickham},
    title = {ggplot2: Elegant Graphics for Data Analysis},
    publisher = {Springer-Verlag New York},
    year = {2016},
    isbn = {978-3-319-24277-4},
    url = {https://ggplot2.tidyverse.org},
 }