@Manual{R21,
  title = {R: A Language and Environment for Statistical Computing},
  author = {{R Core Team}},
  organization = {R Foundation for Statistical Computing},
  address = {Vienna, Austria},
  year = {2021},
  url = {https://www.R-project.org/},
}

@book{Kutz_Brunton_Brunton_Proctor_2016, 
	author={Kutz, J. Nathan and Brunton, Steven L. and Brunton, Bingni W. and Proctor, Joshua L.},
	year={2016},
	title={Dynamic mode decomposition},
	publisher={Society for Industrial and Applied Mathematics},
	address = {Vienna, Austria} 
}
