@Manual{R21,
  title = {R: A Language and Environment for Statistical Computing},
  author = {{R Core Team}},
  organization = {R Foundation for Statistical Computing},
  address = {Vienna, Austria},
  year = {2021},
  url = {https://www.R-project.org/},
}

@article{Schmitz21,
  title={Introducing the Brief Reverse Correlation},
  author={Schmitz, Mathias and Rougier, Marine and Yzerbyt, Vincent},
  year={2021},
  publisher={PsyArXiv}
}
