@Manual{R21,
  title = {R: A Language and Environment for Statistical Computing},
  author = {{R Core Team}},
  organization = {R Foundation for Statistical Computing},
  address = {Vienna, Austria},
  year = {2021},
  url = {https://www.R-project.org/},
}

@Article{tidyverse,
    title = {Welcome to the {tidyverse}},
    author = {Hadley Wickham and Mara Averick and Jennifer Bryan and Winston Chang and Lucy D'Agostino McGowan and Romain François and Garrett Grolemund and Alex Hayes and Lionel Henry and Jim Hester and Max Kuhn and Thomas Lin Pedersen and Evan Miller and Stephan Milton Bache and Kirill Müller and Jeroen Ooms and David Robinson and Dana Paige Seidel and Vitalie Spinu and Kohske Takahashi and Davis Vaughan and Claus Wilke and Kara Woo and Hiroaki Yutani},
    year = {2019},
    journal = {Journal of Open Source Software},
    volume = {4},
    number = {43},
    pages = {1686},
    doi = {10.21105/joss.01686},
}
  
@Manual{patchwork,
    title = {patchwork: The Composer of Plots},
    author = {Thomas Lin Pedersen},
    year = {2020},
    note = {R package version 1.1.1},
    url = {https://CRAN.R-project.org/package=patchwork},
}

@misc{prob_world, title={The Bernoulli Distribution: Intuitive Understanding}, url={https://www.probabilisticworld.com/bernoulli-distribution-intuitive-understanding/}, journal={Probabilistic World}, author={Cthaeh, The}, year={2020}, month={May} }


@incollection{logistic_regression,
	address = {New York, NY},
	series = {Statistics for {Biology} and {Health}},
	title = {Introduction to {Logistic} {Regression}},
	isbn = {978-1-4419-1742-3},
	url = {https://doi.org/10.1007/978-1-4419-1742-3_1},
	abstract = {This introduction to logistic regression describes the reasons for the popularity of the logistic model, the model form, how the model may be applied, and several of its key features, particularly how an odds ratio can be derived and computed for this model.},
	language = {en},
	urldate = {2021-10-10},
	booktitle = {Logistic {Regression}: {A} {Self}-{Learning} {Text}},
	publisher = {Springer},
	author = {Kleinbaum, David G. and Klein, Mitchel},
	editor = {Kleinbaum, David G. and Klein, Mitchel},
	year = {2010},
	doi = {10.1007/978-1-4419-1742-3_1},
	keywords = {Estimate Odds Ratio, Logistic Model, Logistic Regression, Logit Transformation, Risk Ratio},
	pages = {1--39},
}

@misc{bernoulli_brilliant, title={Bernoulli Distribution {\textbar} {B}rilliant}, url={https://brilliant.org/wiki/bernoulli-distribution/}, journal={Brilliant.org}, author={Vukadin, Ognjen and Lee, Scott and Williams, Christopher and Khim, Jimin}, year={2021}}


@book{forbes_stat,
	title = {Statistical {Distributions}},
	author = {Forbes, Catherine and Evans, Merran and Hastings, Nicholas and Peacock, Brian},
	year = {2011},
	publisher = {John Wiley \& Sons, Inc.},
	address = {Hoboken, New Jersey}
}


@book{patel1996handbook,
  title={Handbook of the normal distribution},
  author={Patel, Jagdish K and Read, Campbell B},
  volume={150},
  year={1996},
  publisher={CRC Press}
}

@incollection{ahsanullah2014normal,
  title={Normal distribution},
  author={Ahsanullah, Mohammad and Kibria, BM Golam and Shakil, Mohammad},
  booktitle={Normal and Student st Distributions and Their Applications},
  pages={7--50},
  year={2014},
  publisher={Springer}
}

 @Book{ggplot2,
    author = {Hadley Wickham},
    title = {ggplot2: Elegant Graphics for Data Analysis},
    publisher = {Springer-Verlag New York},
    year = {2016},
    isbn = {978-3-319-24277-4},
    url = {https://ggplot2.tidyverse.org},
 }


